Assets,Liabilities,Equity,Paid-up Capital,Revenue,Profit (Loss) from Other Activities,Net Profit,EPS (Baht),ROA (%),ROE (%),Net Profit Margin (%),SymbolId,Period as of,Date
13886.74,8315.1,5571.64,4579.0,4848.94,-10.04,546.57,0.06,7.52,9.81,11.27,374,Y/E 2018,2018-12-31
14145.18,3352.14,10793.04,5088.0,5088.17,-103.51,815.31,0.09,8.74,9.96,16.02,374,Y/E 2019,2019-12-31
16429.69,4436.86,11992.83,5088.0,6038.96,6.67,1507.64,0.15,10.84,13.23,24.97,374,Y/E 2020,2020-12-31
18740.2,5371.62,13315.33,5088.0,5739.67,167.96,1505.68,0.15,9.95,11.9,26.23,374,Y/E 2021,2021-12-31
290504.99,232836.4,57521.04,2973.1,170716.67,-4.34,29682.18,9.98,14.2,55.05,17.41,575,Y/E 2018,2018-12-31
289669.12,220274.95,69266.1,2973.18,181740.18,222.54,31189.57,10.49,14.54,49.2,17.16,575,Y/E 2019,2019-12-31
350170.58,274481.21,75563.98,2973.55,173720.31,69.89,27434.36,9.23,12.02,37.88,15.79,575,Y/E 2020,2020-12-31
356221.74,274397.22,81698.75,2973.93,182605.54,-786.32,26922.15,9.05,10.91,34.24,14.74,575,Y/E 2021,2021-12-31
337043.66,251227.31,85688.72,2974.21,186142.92,-72.87,26011.28,8.75,10.79,31.08,13.98,575,Y/E 2022,2022-12-31
87121.54,68733.17,18053.93,250.0,19877.89,5.61,3506.49,14.03,7.87,20.75,17.94,609,Y/E 2019,2019-02-28
95395.61,74270.46,20727.98,250.0,21685.46,538.54,3975.36,15.9,7.71,19.18,19.0,609,Y/E 2020,2020-02-29
87388.5,70008.84,17057.78,250.0,19822.54,203.46,3689.64,14.76,7.38,19.53,18.56,609,Y/E 2021,2021-02-28
90469.39,70205.43,19888.71,250.0,19048.23,308.67,3553.04,14.21,7.11,19.23,18.76,609,Y/E 2022,2022-02-28
33021.43,17452.34,12967.27,1067.0,4478.81,712.77,1018.22,0.95,5.92,7.98,29.61,225,Y/E 2018,2018-12-31
36397.4,19420.95,14054.51,1067.0,6112.7,689.97,1742.06,1.63,8.16,12.89,35.79,225,Y/E 2019,2019-12-31
40221.65,21469.13,15648.21,1150.0,4350.4,562.62,1103.44,1.02,5.23,7.43,32.22,225,Y/E 2020,2020-12-31
45470.86,23462.42,17723.26,1150.0,5433.66,974.3,1402.29,1.22,6.55,8.4,36.1,225,Y/E 2021,2021-12-31
187708.55,43439.43,143902.78,14285.7,61918.81,217.12,25170.76,1.76,17.56,18.29,40.74,540,Y/E 2018,2018-09-30
198381.56,43842.92,153899.11,14285.7,64384.75,182.04,25026.37,1.75,16.73,16.81,38.98,540,Y/E 2019,2019-09-30
173558.57,30526.9,142235.58,14285.7,33129.95,145.56,4320.68,0.3,3.22,2.92,12.97,540,Y/E 2020,2020-09-30
195085.77,81664.39,112343.77,14285.7,7715.73,-51.08,-16322.01,-1.14,-9.53,-12.82,-212.19,540,Y/E 2021,2021-09-30
183812.92,81294.32,101323.97,14285.7,16992.5,258.17,-11087.87,-0.78,-5.77,-10.38,-64.59,540,Y/E 2022,2022-09-30
49283.66,24904.35,24392.75,3145.9,27759.64,1130.44,3865.41,1.23,10.2,16.8,13.89,228,Y/E 2018,2018-12-31
58794.21,32498.09,26313.12,3145.9,23889.79,1085.44,3067.51,0.98,7.2,12.1,12.83,228,Y/E 2019,2019-12-31
58723.86,29460.56,29281.35,3145.9,29958.5,1947.62,4226.53,1.34,8.99,15.2,14.1,228,Y/E 2020,2020-12-31
60408.95,27985.54,32441.68,3145.9,31980.04,1000.28,4543.06,1.44,9.51,14.72,14.21,228,Y/E 2021,2021-12-31
93043.32,68037.84,25005.48,24000.0,12415.64,0.42,469.58,0.03,3.97,1.88,3.94,232,Y/E 2018,2018-12-31
109157.86,33496.19,75661.66,32000.00,11522.00,-,1054.23,0.04,3.14,2.09,9.03,232,Y/E 2019,2019-12-31
124466.57,53280.47,71186.09,32000.00,6136.42,-,-1881.23,-0.06,-0.99,-2.56,-30.66,232,Y/E 2020,2020-12-31
138897.29,59690.67,79206.62,32000.0,4395.83,3884.46,861.48,0.03,1.77,1.15,19.6,232,Y/E 2021,2021-12-31
107653.0,65803.99,41849.01,13675.0,9781.46,-30.31,5202.02,1.9,6.48,12.43,53.18,610,Y/E 2018,2018-12-31
115789.67,78723.55,37066.12,15075.0,12232.18,3.99,6549.3,2.38,7.47,16.6,53.54,610,Y/E 2019,2019-12-31
132069.62,90272.59,41797.03,16160.21,12444.33,-,1840.62,0.57,3.70,4.67,14.79,610,Y/E 2020,2020-12-31
125904.00,83148.41,42755.59,16160.21,13306.23,-,2600.22,0.80,4.51,6.15,19.54,610,Y/E 2021,2021-12-31
274317.4,171304.59,83060.46,5161.93,114845.46,5830.78,6693.73,1.3,8.11,7.95,8.91,380,Y/E 2018,2018-12-31
257588.81,167107.96,72194.58,5161.93,90048.43,4518.34,-552.86,-0.11,3.59,-0.71,1.5,380,Y/E 2019,2019-12-31
281647.62,197092.37,62343.95,5074.58,72929.82,7492.41,-1786.32,-0.35,1.97,-2.66,-0.78,380,Y/E 2020,2020-12-31
365799.4,262102.27,79277.25,6766.11,134990.1,-5023.44,9851.8,1.59,8.72,13.91,11.83,380,Y/E 2021,2021-12-31
3116750.22,2703591.33,412814.25,19088.43,154265.8,16386.93,35329.97,18.51,2.7,8.67,23.15,611,Y/E 2018,2018-12-31
3216743.1,2788626.79,427751.21,19088.43,158310.64,27704.8,35816.09,18.76,2.78,8.52,22.87,611,Y/E 2019,2019-12-31
3822959.69,3372712.55,449013.69,19088.43,150106.58,13555.57,17180.58,9.0,1.62,3.92,11.69,611,Y/E 2020,2020-12-31
4333280.91,3838688.35,492727.07,19088.43,157313.5,19301.83,26507.04,13.89,1.6,5.63,17.13,611,Y/E 2021,2021-12-31
12627.5,6229.71,5701.43,2493.75,8182.74,2.54,1089.47,0.44,13.11,20.0,15.25,473,Y/E 2018,2018-12-31
14115.63,7137.35,6248.0,2493.75,8996.28,2.36,1134.91,0.46,12.82,19.0,14.43,473,Y/E 2019,2019-12-31
16527.3,8900.99,6884.5,2493.75,9021.36,2.99,1229.4,0.49,11.99,18.72,15.43,473,Y/E 2020,2020-12-31
26383.76,12078.12,12979.72,2493.75,21533.42,2.13,6846.0,2.75,44.3,68.93,34.86,473,Y/E 2021,2021-12-31
117368.62,67831.06,42714.97,1376.92,193340.41,389.0,2462.88,1.79,4.56,5.57,1.67,382,Y/E 2018,2018-12-31
127787.98,68972.94,51603.93,1376.92,190983.67,1178.62,1731.57,1.18,3.47,3.67,1.3,382,Y/E 2019,2019-12-31
148322.59,90006.17,46365.96,1376.92,136982.82,156.66,-6967.07,-5.5,-3.9,-14.22,-4.21,382,Y/E 2020,2020-12-31
201785.31,132225.98,53467.1,1376.92,200695.74,753.29,7623.79,5.25,9.51,15.27,4.91,382,Y/E 2021,2021-12-31
31557.88,16415.63,15142.1,9984.14,3436.85,969.03,2219.23,1.11,8.94,15.04,64.57,383,Y/E 2018,2018-12-31
37136.57,21581.42,15505.72,9994.46,3446.67,450.09,1801.42,0.9,6.87,11.76,52.25,383,Y/E 2019,2019-12-31
51219.57,28670.63,22480.11,13201.89,4260.0,485.29,1912.25,0.92,6.26,10.07,44.87,383,Y/E 2020,2020-12-31
58721.23,31493.06,27159.66,14470.06,4740.56,544.4,2010.82,0.74,5.4,8.1,42.41,383,Y/E 2021,2021-12-31
133498.75,60060.68,70320.11,1566.9,79406.93,1689.69,9191.46,0.59,10.58,13.78,12.15,474,Y/E 2018,2018-12-31
133661.74,46480.11,83813.43,1589.2,83893.22,8641.44,15517.17,0.99,15.58,20.13,19.08,474,Y/E 2019,2019-12-31
136050.25,44587.55,87910.18,1589.2,69101.64,2701.99,7214.24,0.45,8.36,8.4,11.07,474,Y/E 2020,2020-12-31
128453.62,40688.69,83845.19,1589.2,75791.68,21.11,7936.08,0.5,8.56,9.24,11.2,474,Y/E 2021,2021-12-31
14320.07,8083.7,6084.15,2000.0,10486.41,17.68,-330.18,-0.17,-1.5,-5.29,-2.97,497,Y/E 2018,2018-12-31
11354.48,5636.04,5623.33,2000.0,8751.62,28.02,-397.17,-0.2,-2.99,-6.78,-5.13,497,Y/E 2019,2019-12-31
9518.87,4109.86,5408.99,2000.0,5908.22,35.26,-214.25,-0.11,-0.86,-3.88,-5.15,497,Y/E 2020,2020-12-31
10323.3,4130.27,6193.01,2000.0,5728.93,-2.6,761.65,0.38,10.98,13.13,13.29,497,Y/E 2021,2021-12-31
103830.91,68218.88,35498.77,15285.0,18586.29,933.83,5317.04,0.35,8.27,15.98,28.71,544,Y/E 2018,2018-12-31
111696.77,72873.59,38780.72,15285.0,20221.19,355.32,5434.82,0.36,8.29,14.63,26.96,544,Y/E 2019,2019-12-31
113615.76,75582.03,37991.4,15285.0,14316.16,6.41,2051.09,0.13,4.04,5.34,14.35,544,Y/E 2020,2020-12-31
115088.50,77389.67,37697.28,15285.00,11481.59,-,1010.10,0.07,2.91,2.67,8.81,544,Y/E 2021,2021-12-31
100636.04,72896.92,19253.46,5213.8,37044.83,176.38,1862.81,0.71,6.4,9.83,8.03,384,Y/E 2018,2018-12-31
121692.8,83015.54,28144.4,5213.8,44421.39,238.9,2331.15,0.88,6.16,9.84,8.95,384,Y/E 2019,2019-12-31
130695.88,91391.8,27470.27,5213.8,44337.67,-275.61,2174.76,0.68,5.69,7.82,8.47,384,Y/E 2020,2020-12-31
149197.56,108382.05,29471.16,5213.8,46816.24,800.15,2275.7,0.72,5.72,7.99,7.3,384,Y/E 2021,2021-12-31
24748.81,6004.38,18454.61,730.05,18541.03,-5.19,4151.89,5.7,21.57,23.82,22.42,475,Y/E 2018,2018-12-31
26181.03,5915.9,19973.37,730.05,18718.27,-15.48,3747.73,5.14,18.3,19.51,20.09,475,Y/E 2019,2019-12-31
24221.67,5385.05,18531.53,795.77,12567.83,2.32,1204.14,1.54,5.95,6.25,9.72,475,Y/E 2020,2020-12-31
20856.8,3238.87,17286.12,795.77,12673.3,-14.33,1215.68,1.53,6.99,6.79,9.78,475,Y/E 2021,2021-12-31
324577.85,286069.69,38504.61,1707.57,53904.56,-,4969.74,2.91,1.83,12.87,9.20,612,Y/E 2018,2018-12-31
333680.07,289419.62,44225.29,1707.57,48943.30,-,4385.99,2.57,1.61,10.60,8.96,612,Y/E 2019,2019-12-31
339778.27,293679.88,46098.16,1707.57,47366.40,-,1608.27,0.94,0.52,3.56,3.40,612,Y/E 2020,2020-12-31
347142.83,299176.69,47965.88,1707.57,48168.59,-,3195.95,1.87,1.10,6.80,6.63,612,Y/E 2021,2021-12-31
144314.85,92164.46,38746.62,47381.48,48618.31,822.67,2872.95,0.24,4.86,7.24,7.33,546,Y/E 2019,2019-03-31
173100.48,105854.89,54923.01,52617.18,38680.65,5593.44,8161.75,0.65,7.28,17.43,22.8,546,Y/E 2020,2020-03-31
212062.43,136025.07,60161.68,52644.52,42379.1,-1664.42,4576.27,0.35,5.09,7.95,12.65,546,Y/E 2021,2021-03-31
255866.57,169739.04,62062.84,52657.91,31194.5,-131.44,3825.58,0.29,3.55,6.26,12.44,546,Y/E 2022,2022-03-31
14319.92,6955.21,7176.83,1000.0,14597.43,-16.08,1158.57,1.16,10.7,16.21,6.58,21,Y/E 2018,2018-12-31
14780.04,6061.67,8565.81,1000.00,15051.82,-,2506.46,2.51,21.75,31.84,16.40,21,Y/E 2019,2019-12-31
17086.68,6929.39,9956.01,1000.00,17386.29,-,3525.03,3.53,27.20,38.06,20.47,21,Y/E 2020,2020-12-31
19185.65,9074.86,10209.29,1000.00,17570.33,-,2881.00,2.88,18.99,28.57,16.18,21,Y/E 2021,2021-12-31
26447.45,13027.77,12902.15,1350.0,21768.15,35.39,2177.61,1.61,11.33,17.82,10.45,527,Y/E 2018,2018-12-31
27589.6,13445.98,13670.32,1350.0,21291.05,29.4,1744.24,1.29,8.53,13.13,8.5,527,Y/E 2019,2019-12-31
35350.14,25134.59,9922.77,1350.0,13249.45,-20.94,-2775.11,-2.06,-8.47,-23.52,-21.87,527,Y/E 2020,2020-12-31
48592.54,30160.85,18076.41,1350.0,11635.4,-64.08,-1733.21,-1.28,-2.66,-12.38,-15.1,527,Y/E 2021,2021-12-31
5708.18,1964.75,3562.97,1100.00,4430.84,-,633.88,0.06,14.80,18.47,13.89,476,Y/E 2018,2018-12-31
6265.69,2370.25,3702.47,1100.00,5190.87,-,705.24,0.06,14.85,19.41,12.80,476,Y/E 2019,2019-12-31
6200.79,2007.61,4024.47,1100.00,5464.48,-,876.62,0.08,17.76,22.69,15.60,476,Y/E 2020,2020-12-31
10549.69,2708.72,7568.94,1100.00,12001.36,-,4204.07,0.38,63.25,72.53,35.56,476,Y/E 2021,2021-12-31
83500.54,57671.82,25421.01,1693.9,30915.58,1917.62,2494.31,1.47,4.76,10.2,8.04,348,Y/E 2018,2018-12-31
82585.59,54773.07,27392.67,1693.9,24748.82,1853.94,1777.78,1.05,3.79,6.73,7.24,348,Y/E 2019,2019-12-31
82774.02,56503.38,25846.62,1693.9,18167.02,1131.81,612.16,0.37,2.34,2.3,3.45,348,Y/E 2020,2020-12-31
83420.94,57312.98,25668.9,1693.9,13996.33,1510.81,905.7,0.55,2.84,3.52,6.67,348,Y/E 2021,2021-12-31
62503.1,30981.1,18333.43,7370.0,9114.8,8.33,599.07,0.08,4.08,3.32,14.97,387,Y/E 2018,2018-12-31
64190.93,28644.23,23548.68,8129.38,8840.21,435.4,768.9,0.1,3.56,3.67,12.25,387,Y/E 2019,2019-12-31
67038.45,32000.46,23774.41,8129.38,7177.49,418.22,404.71,0.05,1.8,1.71,2.75,387,Y/E 2020,2020-12-31
68977.35,32847.28,24833.76,8129.38,9369.49,1527.74,2179.01,0.27,5.71,8.97,29.36,387,Y/E 2021,2021-12-31
7588.62,4812.09,2770.81,300.0,27963.12,19.12,891.06,0.74,15.5,35.16,3.19,444,Y/E 2018,2018-12-31
9159.67,5783.52,3373.79,300.0,33390.19,37.87,1216.32,1.01,18.59,39.59,3.64,444,Y/E 2019,2019-12-31
9206.72,5335.89,3852.29,300.0,37352.9,105.3,1490.68,1.24,20.43,41.26,4.0,444,Y/E 2020,2020-12-31
15965.74,10664.99,5284.86,300.0,51154.66,118.4,2630.39,2.19,25.67,57.58,5.14,444,Y/E 2021,2021-12-31
373741.62,273922.93,84830.8,8983.1,527820.03,39.72,20929.65,2.22,8.81,26.14,4.01,445,Y/E 2018,2018-12-31
375617.45,267249.66,93738.86,8983.1,571006.48,103.58,22343.08,2.38,8.94,25.02,3.97,445,Y/E 2019,2019-12-31
523354.33,411759.3,96758.74,8983.1,546364.02,162.56,16102.42,1.68,6.18,16.91,3.02,445,Y/E 2020,2020-12-31
931892.56,639085.34,104134.13,8983.1,587189.76,6895.02,12985.48,1.33,3.47,12.93,2.05,445,Y/E 2021,2021-12-31
628090.85,409432.6,165533.16,8611.24,550053.85,17563.11,15531.47,1.82,6.44,9.31,3.9,26,Y/E 2018,2018-12-31
634050.56,415178.17,168275.26,8611.24,536775.52,16992.9,18455.81,2.18,6.87,11.06,4.49,26,Y/E 2019,2019-12-31
761719.09,499540.52,191936.79,8611.24,595011.1,21974.32,26022.39,3.14,10.3,14.45,7.41,26,Y/E 2020,2020-12-31
842680.62,555543.77,215066.99,8611.24,517584.4,13160.64,13028.26,1.56,4.15,6.4,2.72,26,Y/E 2021,2021-12-31
161707.83,87532.09,65726.02,2244.0,36457.59,1102.29,11215.65,2.5,9.82,17.59,31.22,239,Y/E 2018,2018-12-31
169933.03,89470.77,72128.41,2244.0,38402.81,1479.43,11738.4,2.62,9.02,17.03,30.75,239,Y/E 2019,2019-12-31
221773.51,144650.21,68790.05,2244.0,33161.11,1041.59,9557.1,2.13,6.96,13.56,29.0,239,Y/E 2020,2020-12-31
263420.84,181345.65,73102.18,2244.0,30397.53,703.96,7148.45,1.59,4.46,10.08,23.78,239,Y/E 2021,2021-12-31
177559.67,110232.9,55357.22,4700.0,203424.58,3437.37,10931.18,37.78,8.38,19.75,4.93,447,Y/E 2018,2018-12-31
187021.92,146062.59,28249.96,4700.0,222486.15,641.76,10633.26,2.26,8.74,25.44,5.56,447,Y/E 2019,2019-12-31
239179.95,183464.98,53393.74,6031.0,194311.43,131.92,46.27,0.01,1.13,0.11,0.18,447,Y/E 2020,2020-12-31
263227.82,204146.57,56388.47,6031.0,195653.81,279.08,59.37,0.01,1.2,0.11,0.14,447,Y/E 2021,2021-12-31
16674.63,11882.27,4792.37,1400.00,18535.17,-,438.75,0.31,5.19,9.16,2.37,449,Y/E 2018,2018-12-31
18151.71,11691.34,6460.37,1856.16,17971.82,-,725.51,0.46,6.64,12.89,4.04,449,Y/E 2019,2019-12-31
20765.17,13675.41,7089.75,2165.52,18924.82,-,726.68,0.34,5.91,10.73,3.84,449,Y/E 2020,2020-12-31
27226.51,16346.77,10879.74,2422.17,25937.13,-,1818.06,0.76,10.52,20.23,7.01,449,Y/E 2021,2021-12-31
150957.66,129027.98,21929.06,4735.62,75539.25,-5.32,-4368.69,-1.85,-3.35,-17.08,-5.78,581,Y/E 2018,2018-12-31
167338.82,142372.4,24966.41,4735.62,81228.2,-23.97,5421.89,2.29,6.07,23.12,6.67,581,Y/E 2019,2019-12-31
174280.39,149964.96,24315.42,4735.62,78883.4,317.97,5107.12,2.16,5.16,20.73,6.47,581,Y/E 2020,2020-12-31
164314.65,144147.17,20167.48,4735.62,81458.06,-148.62,3355.93,1.42,4.0,15.09,4.12,581,Y/E 2021,2021-12-31
152535.32,133711.45,18823.87,4735.62,80656.13,2.56,3119.16,1.32,4.27,16.0,3.87,581,Y/E 2022,2022-12-31
59207.59,39689.97,18138.66,373.0,12490.22,159.77,4975.21,1.33,11.91,30.33,40.52,390,Y/E 2018,2018-12-31
70219.69,45353.23,23364.51,373.0,14954.54,145.82,6081.62,1.63,11.44,29.31,40.3,390,Y/E 2019,2019-12-31
78483.77,48856.89,27811.52,373.0,17196.26,-61.81,5204.57,1.4,8.97,20.34,29.35,390,Y/E 2020,2020-12-31
85476.25,50374.53,32501.02,373.0,20558.1,92.82,6100.07,1.64,8.93,20.23,28.84,390,Y/E 2021,2021-12-31
206427.81,105577.46,100239.38,5264.65,38174.19,19971.84,21072.88,40.03,12.82,22.6,55.32,393,Y/E 2018,2018-12-31
208522.6,103416.2,104490.41,5264.65,41055.02,6105.1,13059.24,24.81,7.34,12.76,31.97,393,Y/E 2019,2019-12-31
214437.69,111603.45,102243.2,5264.65,37782.97,5698.85,8733.03,16.59,6.62,8.45,23.18,393,Y/E 2020,2020-12-31
241932.0,127895.31,113440.87,5264.65,38136.94,6100.82,4103.84,7.8,5.71,3.81,10.8,393,Y/E 2021,2021-12-31
13393.19,3077.92,10292.55,2800.0,10622.59,170.76,904.32,0.32,7.5,8.87,8.5,209,Y/E 2019,2019-03-31
14032.19,3457.96,10555.13,2800.0,10269.8,129.95,1002.8,0.36,8.01,9.62,9.73,209,Y/E 2020,2020-03-31
15404.77,4364.34,11019.28,2800.0,9740.15,110.97,1218.89,0.44,8.95,11.3,12.54,209,Y/E 2021,2021-03-31
16268.11,4455.72,11785.47,2800.0,11825.43,292.15,1596.96,0.57,11.1,14.01,13.55,209,Y/E 2022,2022-03-31
61749.98,35917.88,25824.66,17075.18,200864.05,383.62,2225.16,0.64,4.79,8.24,1.11,395,Y/E 2018,2018-12-31
66242.63,44124.7,22110.5,17075.18,169430.07,379.99,-3065.7,-0.89,-5.69,-12.79,-1.81,395,Y/E 2019,2019-12-31
61378.09,47018.56,14352.09,17075.18,126738.85,285.1,-7911.07,-2.29,-15.05,-43.39,-6.24,395,Y/E 2020,2020-12-31
70054.6,50846.27,19200.9,17075.18,172907.15,226.82,4443.21,1.28,8.83,26.48,2.57,395,Y/E 2021,2021-12-31
8870.37,6363.88,1684.88,480.0,8077.23,8.41,526.15,0.55,12.72,29.4,10.15,583,Y/E 2018,2018-12-31
7617.02,5170.93,1506.85,480.0,6803.85,-1.65,331.36,0.35,9.73,20.76,8.9,583,Y/E 2019,2019-12-31
7822.37,5594.16,1292.39,480.0,7082.6,-12.32,438.84,0.47,10.77,31.35,9.12,583,Y/E 2020,2020-12-31
8817.62,6198.9,1702.83,480.0,8812.73,39.11,722.76,0.77,13.99,48.26,10.16,583,Y/E 2021,2021-12-31
31016.98,16130.62,14672.43,4001.47,26262.41,14.31,2003.04,0.5,9.16,14.3,7.58,452,Y/E 2018,2018-12-31
35986.39,19855.47,15912.14,4201.54,29182.28,29.36,2093.47,0.5,8.58,13.69,7.24,452,Y/E 2019,2019-12-31
36020.3,18806.46,16981.18,4401.61,27353.89,23.35,1955.96,0.44,7.43,11.89,7.22,452,Y/E 2020,2020-12-31
39274.6,19438.55,19560.85,4601.67,34116.11,80.75,3343.58,0.73,11.48,18.3,9.85,452,Y/E 2021,2021-12-31
64439.02,22089.95,39991.97,14983.01,25300.76,580.14,3359.19,2.24,7.47,8.55,15.37,397,Y/E 2018,2018-12-31
252016.62,141840.91,100893.03,28197.29,67480.77,1154.48,4060.8,2.25,7.2,5.76,8.89,397,Y/E 2019,2019-12-31
256656.32,144788.95,102901.39,28197.29,70982.68,925.67,7508.13,2.66,5.31,7.37,11.96,397,Y/E 2020,2020-12-31
270379.12,152631.58,108334.28,28197.29,78148.08,1442.78,7318.58,2.6,4.89,6.93,10.03,397,Y/E 2021,2021-12-31
123668.66,78880.41,36536.94,10666.5,17479.01,2750.22,3028.13,1.42,5.4,8.52,23.69,399,Y/E 2018,2018-12-31
134277.54,85237.6,38427.11,10666.5,30343.36,4208.92,4886.56,2.29,7.79,13.04,23.62,399,Y/E 2019,2019-12-31
245580.51,173500.69,64027.15,11733.15,33370.44,2328.31,4282.11,0.39,5.22,8.36,18.41,399,Y/E 2020,2020-12-31
362673.85,255164.71,96595.95,11733.15,49983.74,1811.26,7670.3,0.65,4.97,9.55,18.34,399,Y/E 2021,2021-12-31
35624.75,26124.7,8910.51,1854.66,6460.89,122.59,1090.24,0.15,6.31,12.04,18.24,400,Y/E 2018,2018-12-31
39041.54,27708.63,10712.21,2220.63,7175.37,288.55,2147.33,0.24,8.5,21.89,30.97,400,Y/E 2019,2019-12-31
46032.16,33556.84,12349.84,2220.63,8996.95,2023.11,3412.34,0.39,10.48,29.59,38.07,400,Y/E 2020,2020-12-31
42485.35,29202.13,13121.61,2220.63,9868.13,217.84,2229.27,0.25,7.7,17.5,22.82,400,Y/E 2021,2021-12-31
25368.31,4285.18,21083.13,804.88,22837.72,15.13,2375.22,2.95,10.14,11.37,10.4,568,Y/E 2018,2018-12-31
24426.18,3880.57,20545.62,804.88,20915.93,334.34,1804.58,2.24,7.74,8.67,8.63,568,Y/E 2019,2019-12-31
25180.13,3566.52,21613.61,804.88,19672.68,135.71,1907.74,2.37,7.41,9.05,9.7,568,Y/E 2020,2020-12-31
27852.97,4794.87,23058.09,804.88,24137.0,-159.81,1545.31,1.92,6.05,6.92,6.4,568,Y/E 2021,2021-12-31
54811.35,34897.26,19914.09,13151.20,66049.91,-,5612.62,0.43,13.85,29.12,8.50,453,Y/E 2018,2018-12-31
52048.96,30910.88,21138.08,13151.20,67423.88,-,6176.59,0.47,14.99,30.09,9.16,453,Y/E 2019,2019-12-31
56090.77,34525.53,21565.24,13151.20,61765.43,-,5154.70,0.39,12.30,24.14,8.35,453,Y/E 2020,2020-12-31
58586.35,35695.91,22890.43,13151.20,63925.79,-,5440.52,0.41,12.28,24.48,8.51,453,Y/E 2021,2021-12-31
50009.18,12067.86,30768.3,3206.42,6669.9,13734.59,11490.68,3.58,23.25,38.51,174.68,588,Y/E 2018,2018-12-31
49534.54,9085.5,34525.17,3206.42,5296.9,12105.74,11083.01,3.46,20.93,33.95,184.37,588,Y/E 2019,2019-12-31
52636.61,8495.84,38063.61,3206.51,4571.97,11049.11,11047.65,3.45,22.84,30.44,248.33,588,Y/E 2020,2020-12-31
53983.6,7282.72,40686.76,3206.6,3735.01,10990.91,10748.22,3.35,20.79,27.3,290.16,588,Y/E 2021,2021-12-31
182445.66,95066.03,87286.11,20434.42,281011.89,1341.96,7734.99,0.38,5.93,8.85,2.76,402,Y/E 2018,2018-12-31
177850.39,94448.28,83255.73,20434.42,241623.85,2008.64,-1174.04,-0.06,0.0,-1.38,-0.47,402,Y/E 2019,2019-12-31
173490.55,97824.63,75526.4,20434.42,175281.72,942.37,-6151.7,-0.3,-3.29,-7.75,-3.5,402,Y/E 2020,2020-12-31
190491.86,102779.57,87495.58,20434.42,256622.74,-1229.54,14504.62,0.71,10.23,17.79,5.66,402,Y/E 2021,2021-12-31
198186.76,118508.98,79452.28,20434.42,326338.16,-7835.14,-4363.62,-0.21,-1.87,-5.23,-1.34,402,Y/E 2022,2022-12-31
379194.83,227339.48,144837.79,5614.55,351299.15,1172.1,26465.4,4.61,10.39,20.21,7.5,151,Y/E 2018,2018-12-31
380567.91,242400.62,129711.92,5614.55,355864.78,-290.81,5252.11,0.76,3.03,3.83,1.23,151,Y/E 2019,2019-12-31
453171.51,317563.72,126655.0,5614.55,336542.78,262.25,2414.28,0.3,2.21,1.88,0.83,151,Y/E 2020,2020-12-31
541828.24,370824.81,158768.67,5614.55,473072.95,-136.95,26288.03,4.55,8.46,18.42,5.97,151,Y/E 2021,2021-12-31
19443.98,14739.51,2845.72,734.25,12895.37,-37.12,-277.06,-0.38,2.24,-9.11,-0.81,592,Y/E 2018,2018-12-31
20372.77,15140.34,3385.47,906.61,11850.43,66.6,533.85,0.59,7.54,17.13,6.69,592,Y/E 2019,2019-12-31
25901.09,19134.93,3739.18,921.43,11714.66,27.43,797.87,0.88,9.2,22.4,11.05,592,Y/E 2020,2020-12-31
45278.28,18455.66,17264.5,1382.21,12335.52,1665.15,2467.59,2.39,11.56,23.5,25.28,592,Y/E 2021,2021-12-31
8363.33,4896.51,3395.56,444.0,1885.83,-1.78,505.52,0.6,11.74,17.67,25.44,613,Y/E 2018,2018-12-31
10141.67,6708.39,3395.58,444.0,2536.36,14.38,681.36,0.77,11.3,20.07,25.61,613,Y/E 2019,2019-12-31
14270.41,8515.87,5724.07,488.05,3206.83,-5.81,1047.04,1.15,12.48,22.96,32.31,613,Y/E 2020,2020-12-31
28036.23,8958.57,19032.13,683.66,3656.20,-,1400.37,1.29,9.29,11.31,37.72,613,Y/E 2021,2021-12-31
3155090.81,2737268.89,376297.55,23932.6,182231.62,11704.96,38459.12,16.07,2.64,10.61,24.26,614,Y/E 2018,2018-12-31
3293888.99,2840174.27,406357.62,23932.6,185002.38,16818.44,38726.74,16.18,2.52,9.9,23.48,614,Y/E 2019,2019-12-31
3658797.76,3167511.71,439669.63,23693.28,176921.41,9234.39,29487.12,12.42,1.72,6.97,19.04,614,Y/E 2020,2020-12-31
4103398.52,3566723.5,476713.71,23693.28,258001.38,5662.07,38052.72,15.77,1.75,8.3,16.37,614,Y/E 2021,2021-12-31
18121.01,6113.9,11950.81,586.4,14325.94,22.21,2014.87,1.72,12.19,17.38,14.2,569,Y/E 2018,2018-12-31
16501.0,4739.06,11712.33,586.4,12288.69,19.17,934.49,0.8,6.07,7.9,7.73,569,Y/E 2019,2019-12-31
17377.04,5315.02,12009.88,589.03,11741.86,9.84,1126.79,0.96,7.6,9.5,9.73,569,Y/E 2020,2020-12-31
21950.73,8508.64,13380.41,590.79,15329.77,17.41,2426.28,2.06,13.86,19.11,16.05,569,Y/E 2021,2021-12-31
20993.48,7548.17,13389.47,590.98,18786.59,18.55,2317.23,1.96,11.93,17.31,12.49,569,Y/E 2022,2022-12-31
6014.21,3781.04,2233.16,120.00,19894.60,-,1328.55,5.54,27.87,59.49,6.68,551,Y/E 2019,2019-12-31
19318.24,8470.76,10847.47,870.00,19010.05,-,1405.03,1.11,14.57,21.48,7.39,551,Y/E 2020,2020-12-31
17045.55,7728.66,9298.91,871.29,18972.08,-,46.92,0.03,0.63,0.47,0.24,551,Y/E 2021,2021-12-31
306329.5,263988.94,42180.46,8467.51,21701.37,909.61,6041.98,7.14,4.39,14.47,27.85,615,Y/E 2018,2018-12-31
311690.01,267678.75,43902.11,8467.51,23778.75,1706.85,5988.44,7.07,4.21,13.91,25.19,615,Y/E 2019,2019-12-31
363411.02,316785.3,46517.18,8467.51,25391.78,1128.49,5123.27,6.05,3.37,11.33,20.26,615,Y/E 2020,2020-12-31
436123.2,384961.05,51046.1,8467.51,29101.4,-167.4,6318.05,7.46,2.9,12.95,21.84,615,Y/E 2021,2021-12-31
2739203.19,2425062.09,305875.45,72005.04,154068.76,5064.59,28491.29,2.04,2.65,9.6,20.18,616,Y/E 2018,2018-12-31
3012216.12,2663889.73,338287.3,72005.04,157678.72,8992.87,29284.04,2.09,2.57,9.09,20.38,616,Y/E 2019,2019-12-31
3327780.27,2972716.68,343465.75,72005.04,147758.14,6145.63,16731.59,1.2,1.53,4.91,13.16,616,Y/E 2020,2020-12-31
3556744.44,3182633.0,360052.89,72005.04,140309.27,5224.75,21588.29,1.54,1.51,6.14,17.5,616,Y/E 2021,2021-12-31
79647.82,63296.21,16351.61,2578.33,17713.28,142.34,5139.59,1.99,10.4,35.53,29.02,617,Y/E 2018,2018-12-31
85409.26,65674.22,19707.71,2578.33,18979.96,149.11,5524.07,2.14,9.92,28.03,29.1,617,Y/E 2019,2019-12-31
88403.31,65553.04,22798.95,2578.33,18891.0,46.25,5332.87,2.07,9.42,25.09,28.22,617,Y/E 2020,2020-12-31
89471.09,62386.69,26836.36,2578.33,21441.67,10.67,5878.69,2.28,9.75,23.69,27.0,617,Y/E 2021,2021-12-31
111480.89,60729.17,49982.66,11949.71,34985.05,4862.88,10475.43,0.88,11.71,20.94,30.03,248,Y/E 2018,2018-12-31
113139.05,59956.18,52463.31,11949.71,31241.74,5786.94,10024.91,0.84,11.22,19.57,32.16,248,Y/E 2019,2019-12-31
122571.06,71970.38,49903.62,11949.71,30965.09,2908.6,7144.92,0.6,7.83,13.96,23.0,248,Y/E 2020,2020-12-31
125198.06,74551.76,49946.81,11949.71,33031.78,2811.07,6936.13,0.58,7.53,13.89,21.01,248,Y/E 2021,2021-12-31
14074.21,7441.73,6509.95,894.67,10074.23,597.06,1283.59,1.43,12.06,19.86,12.9,503,Y/E 2018,2018-12-31
14005.75,7399.0,6455.64,894.67,10822.47,318.75,1170.03,1.31,11.21,18.05,11.07,503,Y/E 2019,2019-12-31
17678.21,11052.18,6482.38,894.67,3936.43,739.79,-527.49,-0.59,-2.89,-8.15,-13.72,503,Y/E 2020,2020-12-31
16519.47,9232.65,7169.92,894.67,3365.01,3554.5,1581.45,1.77,12.58,23.17,45.74,503,Y/E 2021,2021-12-31
9632.59,3908.25,5724.25,433.39,10443.48,-6.93,1206.01,1.39,15.72,21.99,11.55,461,Y/E 2018,2018-12-31
10532.71,4357.61,6175.0,435.94,11163.72,-72.25,1138.52,1.31,13.53,19.14,10.2,461,Y/E 2019,2019-12-31
11589.71,4610.79,6957.64,435.94,12613.02,-15.47,1392.65,1.6,15.32,21.21,11.01,461,Y/E 2020,2020-12-31
13271.7,5246.58,8002.82,435.94,14182.36,117.01,1946.83,2.23,18.54,26.03,13.69,461,Y/E 2021,2021-12-31
267700.31,184626.19,71923.74,4618.91,78840.06,487.94,5444.77,1.18,5.16,9.13,7.25,40,Y/E 2018,2018-12-31
254183.77,168315.92,75461.25,4619.0,129061.6,827.51,10697.93,2.04,6.66,14.52,8.52,40,Y/E 2019,2019-12-31
362326.52,286002.61,66980.9,5182.33,58695.64,-463.9,-21407.34,-4.71,-5.74,-30.06,-38.68,40,Y/E 2020,2020-12-31
369632.89,290140.46,68022.67,5213.77,76211.26,1260.38,-13166.51,-2.83,-2.41,-19.51,-18.6,40,Y/E 2021,2021-12-31
49146.11,36847.04,12299.07,2120.00,10416.46,-,3713.39,1.75,13.30,34.96,35.65,618,Y/E 2018,2018-12-31
61871.60,45899.89,15971.71,2120.00,12687.93,-,4237.47,2.00,11.02,26.53,33.40,618,Y/E 2019,2019-12-31
77221.88,56539.74,20682.13,2120.0,14732.59,36.14,5213.92,2.46,11.98,28.45,35.39,618,Y/E 2020,2020-12-31
98389.84,73521.34,24868.5,2120.0,16018.74,19.51,4944.55,2.33,9.49,21.71,30.87,618,Y/E 2021,2021-12-31
7480.91,5376.03,2104.68,3810.0,3216.12,4.68,633.86,16.64,10.15,30.12,19.71,510,Y/E 2020,2020-12-31
9305.45,2459.95,6845.34,4762.5,5438.12,0.1,828.38,0.42,13.04,18.51,15.23,510,Y/E 2021,2021-12-31
152176.21,113468.38,38707.83,90000.0,583208.75,927.85,10895.81,1.21,9.59,28.15,1.87,408,Y/E 2019,2019-12-31
144979.3,107063.34,37823.44,90000.0,432848.96,108.31,8791.07,0.98,8.09,22.97,2.03,408,Y/E 2020,2020-12-31
207658.88,107786.68,99817.78,120000.0,515279.67,837.68,11474.03,0.99,8.76,16.67,2.23,408,Y/E 2021,2021-12-31
27203.33,18402.01,7437.31,1224.54,16323.01,-221.54,3337.95,1.37,18.43,53.15,20.68,258,Y/E 2018,2018-12-31
32079.48,21145.61,9656.64,1226.43,13663.56,219.58,3027.13,1.24,14.38,35.42,22.99,258,Y/E 2019,2019-12-31
33693.57,21685.57,11373.38,1226.43,10933.37,784.87,2661.89,1.09,10.91,25.32,25.28,258,Y/E 2020,2020-12-31
35398.44,19458.44,14937.09,1226.43,15266.93,634.37,3193.93,1.3,13.14,24.28,22.12,258,Y/E 2021,2021-12-31
23456.17,5153.44,18087.76,3003.75,24812.45,351.07,3005.34,1.48,19.68,28.06,12.34,44,Y/E 2018,2018-12-31
24323.87,6300.72,17871.31,3003.75,26151.32,199.53,3259.01,1.08,16.74,18.13,12.5,44,Y/E 2019,2019-12-31
25855.48,6526.41,19224.1,3003.75,26129.08,225.31,3504.31,1.17,16.3,18.89,13.15,44,Y/E 2020,2020-12-31
27141.61,7237.81,19884.37,3003.75,27277.96,263.41,3254.92,1.08,14.88,16.65,11.68,44,Y/E 2021,2021-12-31
5734.02,1389.15,4056.25,352.96,4039.26,4.01,642.78,0.18,18.12,16.85,18.23,511,Y/E 2018,2018-12-31
7979.45,1089.48,6375.36,388.26,4919.5,-2.25,743.19,0.2,15.4,14.25,17.42,511,Y/E 2019,2019-12-31
12250.21,6595.67,5280.18,388.26,3768.02,-11.04,140.23,0.04,2.4,2.41,3.23,511,Y/E 2020,2020-12-31
13764.43,6404.23,7052.78,419.32,4607.41,-27.8,64.04,0.02,1.51,1.04,-0.23,511,Y/E 2021,2021-12-31
27836.91,15141.45,12695.42,1559.29,4970.12,19.07,456.2,0.29,4.53,3.65,9.18,559,Y/E 2018,2018-12-31
25060.55,13501.5,11559.01,1559.29,4182.65,14.19,-228.49,-0.15,1.81,-1.88,-5.46,559,Y/E 2019,2019-12-31
21396.85,11262.56,10134.26,1559.29,3739.07,8.06,-1294.86,-0.83,-2.98,-11.94,-34.63,559,Y/E 2020,2020-12-31
23530.5,9165.49,14364.98,1559.29,8814.29,22.8,4474.93,2.87,21.78,36.53,50.77,559,Y/E 2021,2021-12-31
20939.73,15463.91,5444.03,1670.0,108142.0,-12.21,624.74,0.37,5.31,11.85,0.58,411,Y/E 2018,2018-12-31
22651.87,15944.38,6647.52,1670.0,120251.82,39.64,1560.68,0.93,10.36,25.81,1.3,411,Y/E 2019,2019-12-31
42037.4,34057.48,7883.67,1670.0,104666.06,412.24,1894.04,1.13,10.62,26.07,1.82,411,Y/E 2020,2020-12-31
44384.2,36184.36,8095.13,1670.0,134088.17,204.73,1006.37,0.6,5.54,12.6,0.76,411,Y/E 2021,2021-12-31
2355483.87,1036989.52,875083.83,28563.0,2353090.01,14868.53,119683.94,4.15,10.75,14.13,7.03,412,Y/E 2018,2018-12-31
2484438.68,1183399.06,878604.11,28563.0,2239718.62,21320.82,92950.6,3.2,7.56,10.6,5.45,412,Y/E 2019,2019-12-31
2544182.88,1258337.79,882040.4,28563.0,1633977.16,15713.74,37765.81,1.32,3.72,4.29,2.44,412,Y/E 2020,2020-12-31
3078018.83,1605079.11,1006696.22,28563.0,2287758.51,-29416.61,108363.41,3.79,8.82,11.47,6.65,412,Y/E 2021,2021-12-31
635087.33,245023.94,390063.39,3969.99,176686.92,-367.98,36206.29,8.69,10.72,9.45,20.49,413,Y/E 2018,2018-12-31
669464.01,312405.29,357058.71,3969.99,195457.52,338.79,48802.54,11.72,11.81,13.06,24.97,413,Y/E 2019,2019-12-31
675637.1,321226.21,354410.88,3969.99,166599.74,2125.64,22664.01,5.65,7.34,6.37,13.6,413,Y/E 2020,2020-12-31
783535.67,368185.92,415349.75,3969.99,234631.13,-8087.13,38863.6,9.7,11.91,10.1,16.56,413,Y/E 2021,2021-12-31
469255.35,165773.14,296045.76,45088.49,522331.65,7402.36,40069.49,8.89,10.36,14.04,7.71,155,Y/E 2018,2018-12-31
452514.39,158919.04,285830.17,45088.49,415160.4,7813.13,11682.08,2.59,3.5,4.02,2.97,155,Y/E 2019,2019-12-31
489382.65,200388.69,281015.11,45088.49,331571.29,4144.26,199.61,0.04,0.86,0.07,0.2,155,Y/E 2020,2020-12-31
754115.49,426512.33,318241.84,45088.49,491490.37,635.51,44982.39,10.01,9.44,15.01,9.27,155,Y/E 2021,2021-12-31
54147.87,27878.38,26269.49,10714.38,16341.42,1776.24,3800.74,0.35,8.76,14.88,23.26,268,Y/E 2018,2018-12-31
50901.91,24038.5,26863.42,10714.38,10949.16,1927.28,2853.86,0.27,6.74,10.74,26.06,268,Y/E 2019,2019-12-31
47667.13,21098.69,26568.44,10714.38,9376.76,1530.3,2123.42,0.2,5.68,7.95,22.65,268,Y/E 2020,2020-12-31
46235.69,19250.53,26985.16,10714.38,8355.7,1382.07,1669.66,0.16,4.73,6.24,19.98,268,Y/E 2021,2021-12-31
101251.9,41315.89,59936.02,14500.0,40348.07,3870.44,5587.6,3.85,7.63,9.07,13.8,415,Y/E 2018,2018-12-31
100229.43,40815.5,59413.27,14500.0,39251.7,3835.9,5963.28,4.11,8.2,9.99,15.19,415,Y/E 2019,2019-12-31
112132.25,51610.68,60520.89,14500.0,34921.65,4774.56,6286.68,4.34,7.41,10.48,18.0,415,Y/E 2020,2020-12-31
154855.31,77045.76,70289.71,14500.0,38213.22,6429.86,7772.02,5.36,7.36,11.88,20.36,415,Y/E 2021,2021-12-31
3447.66,1355.90,2092.83,1480.00,2749.59,-,323.75,0.26,12.42,15.47,11.68,49,Y/E 2018,2018-12-31
4412.31,542.44,3870.27,2000.00,2881.99,-,352.78,0.22,11.93,11.83,12.27,49,Y/E 2019,2019-12-31
4883.40,794.58,4090.93,2000.00,3187.27,-,519.02,0.26,13.92,13.04,16.23,49,Y/E 2020,2020-12-31
5005.52,768.97,4224.23,2000.0,3391.06,10.49,420.1,0.21,12.27,10.1,12.47,49,Y/E 2021,2021-12-31
18296.09,9887.67,8400.79,828.75,11982.17,311.58,-357.74,-0.43,-0.55,-4.13,-2.97,560,Y/E 2018,2018-12-31
17037.59,9632.22,7400.35,828.75,16566.18,222.0,-491.75,-0.59,-0.89,-6.22,-2.98,560,Y/E 2019,2019-12-31
17989.31,8915.48,9067.86,828.75,17254.7,179.32,1744.79,2.1,11.56,21.19,10.12,560,Y/E 2020,2020-12-31
38713.28,12800.22,25905.66,828.75,38007.26,216.63,17972.75,21.69,64.17,102.78,47.3,560,Y/E 2021,2021-12-31
39217.14,25588.94,11862.86,1147.77,7881.33,-,2768.36,2.41,12.25,26.01,38.08,619,Y/E 2018,2018-12-31
45461.61,25269.90,18388.37,1336.25,9793.26,-,3756.49,2.85,12.56,20.43,40.12,619,Y/E 2019,2019-12-31
52007.37,27937.49,22084.87,1373.15,10993.03,-,4508.33,3.32,14.13,22.28,43.58,619,Y/E 2020,2020-12-31
49966.87,22991.54,24697.86,1373.15,10230.83,-28.94,4722.14,3.44,14.08,20.19,49.24,619,Y/E 2021,2021-12-31
589787.39,271918.29,277096.53,1200.0,490260.92,15046.52,44748.34,37.29,11.48,16.63,10.74,213,Y/E 2018,2018-12-31
634733.23,306990.1,280215.41,1200.0,446826.77,11632.06,32014.28,26.68,7.48,11.49,7.43,213,Y/E 2019,2019-12-31
749380.88,353254.84,320972.18,1200.0,407217.16,9455.79,34143.87,28.45,7.25,11.36,9.16,213,Y/E 2020,2020-12-31
861101.03,411092.68,365690.73,1200.0,540705.96,17542.66,47173.99,39.31,8.74,13.74,10.12,213,Y/E 2021,2021-12-31
139513.05,76697.05,42952.05,3126.0,89783.61,180.2,5268.51,1.69,6.13,12.27,6.56,167,Y/E 2019,2019-12-31
172428.88,62588.1,88737.82,4292.92,93388.33,-155.82,6457.48,1.95,6.26,9.81,7.82,167,Y/E 2020,2020-12-31
206823.74,84523.8,96837.2,4292.92,126436.89,374.43,8294.37,1.93,6.8,8.94,7.63,167,Y/E 2021,2021-12-31
5092.54,3568.77,1523.76,270.00,2888.02,-,-80.77,-0.30,1.35,-5.21,-2.80,468,Y/E 2018,2018-12-31
5906.57,3563.03,2343.54,401.51,2610.37,-,165.89,0.46,5.79,8.58,6.36,468,Y/E 2019,2019-12-31
9247.4,6437.28,2810.12,412.53,3658.43,1.17,443.3,1.09,8.75,17.2,12.12,468,Y/E 2020,2020-12-31
24200.99,9362.39,14838.6,800.09,4397.05,4.14,700.59,1.4,7.93,7.94,15.93,468,Y/E 2021,2021-12-31
57703.77,22982.09,33985.78,2143.08,25809.53,-,5770.42,2.92,12.79,18.71,22.64,279,Y/E 2018,2018-12-31
60511.44,22662.32,37086.00,2143.08,23957.15,-,5402.76,2.52,11.54,15.20,22.82,279,Y/E 2019,2019-12-31
68206.52,30810.64,36579.37,2143.08,20969.29,209.16,4251.23,2.13,9.07,11.54,20.64,279,Y/E 2020,2020-12-31
71432.24,28505.91,42069.57,2143.08,29647.48,532.94,7070.32,3.63,13.38,17.98,24.08,279,Y/E 2021,2021-12-31
55010.64,16482.12,38528.52,30004.44,209243.59,744.46,2263.25,0.52,4.97,5.61,1.08,424,Y/E 2018,2018-12-31
54294.08,21818.05,32476.03,30004.44,168875.55,1218.13,-2808.7,-0.65,-6.67,-7.91,-1.66,424,Y/E 2019,2019-12-31
46541.08,20113.99,26427.09,30004.44,130234.19,463.03,-6004.84,-1.38,-14.64,-20.39,-4.61,424,Y/E 2020,2020-12-31
58725.89,24355.16,34370.73,30004.44,172546.16,-74.14,4746.46,1.09,11.64,15.61,2.75,424,Y/E 2021,2021-12-31
55748.11,30648.33,24705.19,1536.0,74950.96,-15.18,2064.36,1.34,5.72,8.67,2.86,7,Y/E 2018,2018-12-31
58330.87,32842.48,24119.03,1536.0,60602.38,698.93,-148.54,-0.1,1.44,-0.61,-0.09,7,Y/E 2019,2019-12-31
93117.22,39720.3,38071.24,1536.0,75879.46,436.6,9531.21,6.21,23.45,30.65,20.29,7,Y/E 2020,2020-12-31
114527.09,49478.5,46652.13,1536.0,118810.58,-1119.77,15846.7,10.32,28.46,37.41,22.03,7,Y/E 2021,2021-12-31
780.96,681.23,99.73,323.21,361.65,-,-183.65,-0.57,-19.14,-96.15,-50.78,141,Y/E 2018,2018-12-31
12654.69,10341.33,2267.72,14049.56,11607.71,155.21,123.92,0.01,13.25,10.47,2.08,141,Y/E 2019,2019-12-31
27316.49,23552.77,3708.5,11906.4,16917.68,500.15,1608.66,0.14,13.5,53.84,9.57,141,Y/E 2020,2020-12-31
39142.11,32550.85,6504.61,11906.4,27129.64,-1.95,2783.11,0.23,13.46,54.5,10.3,141,Y/E 2021,2021-12-31
45575.41,34354.54,10961.06,1525.11,27656.97,343.94,1616.86,1.06,5.24,16.03,5.92,360,Y/E 2018,2018-12-31
49207.39,34559.59,14377.29,1525.11,33269.06,345.63,1483.64,0.97,3.95,11.71,4.49,360,Y/E 2019,2019-12-31
44033.27,29321.21,14432.86,1525.11,36006.07,321.03,1093.13,0.72,2.99,7.59,3.06,360,Y/E 2020,2020-12-31
46622.05,29255.37,17078.75,1525.11,27930.01,180.62,710.88,0.47,2.01,4.51,2.58,360,Y/E 2021,2021-12-31
13216.1,8814.07,4402.03,990.0,12139.69,84.34,634.3,0.83,6.9,14.41,5.06,108,Y/E 2019,2019-12-31
43293.41,11595.91,31697.5,1428.78,30692.41,161.32,14400.87,5.94,56.94,79.78,46.92,108,Y/E 2020,2020-12-31
51302.82,13089.7,38213.12,1431.63,48019.8,-481.27,23704.16,8.29,54.98,67.81,49.36,108,Y/E 2021,2021-12-31
49649.96,32094.91,13753.13,2734.95,5778.0,96.31,1045.43,0.04,5.67,7.9,22.05,426,Y/E 2018,2018-12-31
55706.49,36848.33,15474.66,2734.95,6375.93,1292.78,2137.11,0.08,7.88,14.62,37.24,426,Y/E 2019,2019-12-31
73160.31,52537.23,16781.2,2734.95,6768.34,273.1,1303.28,0.05,4.92,8.08,22.57,426,Y/E 2020,2020-12-31
80439.46,59005.87,19583.56,2734.95,9085.23,1006.72,2407.39,0.09,6.35,13.24,30.09,426,Y/E 2021,2021-12-31
11700.71,8615.79,3084.91,770.33,38252.66,145.32,721.49,0.94,9.17,24.63,1.89,604,Y/E 2018,2018-12-31
11341.85,8129.17,3212.68,847.36,34887.87,139.94,523.93,0.64,6.24,16.64,1.5,604,Y/E 2019,2019-12-31
8884.84,5414.09,3470.74,847.36,32244.44,151.03,641.95,0.76,7.95,19.21,1.99,604,Y/E 2020,2020-12-31
11286.83,7345.84,3924.65,847.36,37160.08,201.33,860.19,1.02,10.53,23.26,2.3,604,Y/E 2021,2021-12-31
24253.47,11716.37,12382.14,1573.82,27742.07,220.67,564.47,0.36,4.5,4.48,2.09,218,Y/E 2018,2018-12-31
25261.9,11683.24,13407.23,1576.76,37026.49,599.84,3123.28,1.98,15.59,24.22,8.5,218,Y/E 2019,2019-12-31
21334.46,6313.82,14837.35,1578.36,26290.99,195.18,3591.82,2.28,19.25,25.43,13.68,218,Y/E 2020,2020-12-31
24800.9,8863.62,15367.95,1578.36,27209.87,-842.41,2219.71,1.41,13.54,14.7,8.28,218,Y/E 2021,2021-12-31
1060929.17,923010.91,65735.41,11651.3,62241.57,1311.34,7839.43,6.74,3.28,12.27,25.4,621,Y/E 2018,2018-12-31
160926.56,86867.81,65832.97,11651.3,8431.61,1025.87,10807.06,9.43,1.04,16.43,198.78,621,Y/E 2019,2019-12-31
140755.63,67987.48,63310.6,11651.3,8879.3,6061.94,6669.03,6.26,7.31,10.33,88.39,621,Y/E 2020,2020-12-31
142734.59,68593.55,65113.98,11651.3,16198.62,2510.58,5287.18,5.04,6.29,8.23,41.5,621,Y/E 2021,2021-12-31
47531.06,40336.10,7194.96,3020.28,3827.37,-,1640.71,0.54,6.71,25.59,42.87,622,Y/E 2018,2018-12-31
50880.93,43209.91,7671.02,3775.35,4238.15,-,1963.56,0.52,6.83,25.60,46.33,622,Y/E 2019,2019-12-31
48518.01,37699.32,10818.68,5663.03,4262.73,-,1860.20,0.40,6.82,20.12,43.64,622,Y/E 2020,2020-12-31
49223.46,37656.89,11566.56,5663.03,4226.49,-,1709.18,0.30,6.25,15.27,40.44,622,Y/E 2021,2021-12-31
53335.52,41586.99,11748.54,7800.22,10558.86,-583.28,2416.14,1.15,7.88,20.57,22.88,623,Y/E 2020,2020-12-31
66525.40,44120.44,22404.96,8580.24,12047.13,-,3168.91,1.41,8.47,18.56,26.30,623,Y/E 2021,2021-12-31
49639.42,39964.45,9582.63,594.29,13613.81,-,1811.47,3.05,4.52,18.90,13.44,624,Y/E 2021,2021-12-31
302544.63,264715.18,37696.53,8006.56,24627.01,725.34,7015.69,8.76,4.51,19.41,28.6,625,Y/E 2018,2018-12-31
298304.1,259107.98,39192.98,8006.56,24855.5,-5.3,7270.23,9.08,4.71,18.91,29.26,625,Y/E 2019,2019-12-31
275443.21,235981.13,39458.94,8006.56,22865.95,10.66,6063.48,7.57,3.91,15.42,26.52,625,Y/E 2020,2020-12-31
243621.93,202421.55,41197.09,8006.56,21265.45,417.33,6784.59,8.47,4.17,16.82,31.91,625,Y/E 2021,2021-12-31
268612.95,142140.57,121712.02,20400.28,391219.82,999.05,10149.04,4.97,6.57,8.32,2.65,432,Y/E 2018,2018-12-31
283444.53,159521.02,119972.74,20400.28,366055.04,3333.3,6276.68,3.08,4.01,5.19,1.78,432,Y/E 2019,2019-12-31
306187.66,186069.23,116228.96,20400.28,249027.83,9789.99,-3301.41,-1.62,0.36,-2.8,-1.16,432,Y/E 2020,2020-12-31
362144.12,239050.04,120880.74,20400.28,345985.96,-4691.91,12578.03,6.17,5.59,10.61,3.76,432,Y/E 2021,2021-12-31
444580.86,285923.49,156034.3,22338.36,530451.37,751.54,32668.14,15.63,11.38,23.59,6.24,432,Y/E 2022,2022-12-31
3824.89,1679.65,2145.25,300.0,2525.04,-0.55,404.27,1.77,17.47,32.06,16.01,626,Y/E 2018,2018-12-31
4256.96,1906.7,2350.26,300.0,2783.83,-0.65,507.23,1.69,15.43,22.57,18.22,626,Y/E 2019,2019-12-31
4953.91,2554.26,2399.65,300.00,3136.08,-,702.00,2.34,18.92,29.56,22.38,626,Y/E 2020,2020-12-31
4436.4,1425.81,2676.37,300.0,3363.2,62.21,890.43,1.48,23.43,35.08,26.52,626,Y/E 2021,2021-12-31
495568.69,361685.18,133290.84,133472.78,173736.43,5061.59,7034.59,0.21,4.26,5.27,4.0,607,Y/E 2018,2018-12-31
523992.74,397973.6,125367.94,133472.78,149631.69,7902.84,5636.74,0.17,3.39,4.36,3.72,607,Y/E 2019,2019-12-31
617547.9,531930.77,85089.1,133472.78,143338.54,4152.79,1048.4,0.03,3.4,1.0,0.65,607,Y/E 2020,2020-12-31
624914.58,543096.53,81361.92,133472.78,147208.07,3677.12,-1428.41,-0.04,2.89,-1.72,-1.03,607,Y/E 2021,2021-12-31
37111.65,12524.66,19558.91,1822.46,14231.95,401.0,210.02,0.12,1.12,1.07,-1.3,564,Y/E 2018,2018-12-31
33473.05,10874.49,18187.28,1822.47,15717.02,1012.52,562.59,0.31,2.37,2.98,1.39,564,Y/E 2019,2019-12-31
31029.23,11837.81,16153.19,1822.47,12996.62,-2122.22,-1944.6,-1.07,-9.04,-11.33,-25.92,564,Y/E 2020,2020-12-31
38947.08,14546.81,21265.66,1822.47,22681.16,80.21,3858.65,2.12,12.09,20.62,16.25,564,Y/E 2021,2021-12-31
891713.31,792934.4,98778.91,41659.3,48554.59,13545.32,11601.24,0.26,2.89,12.3,23.89,627,Y/E 2018,2018-12-31
1858190.28,1663378.79,194776.87,91541.39,52251.82,3786.23,7222.48,0.15,1.58,4.92,13.82,627,Y/E 2019,2019-12-31
1808331.83,1603582.11,204712.63,91588.95,89885.61,2766.93,10112.18,0.1,1.68,5.06,11.25,627,Y/E 2020,2020-12-31
1759180.73,1548345.04,210834.56,91791.73,80709.8,2007.87,10474.05,0.11,1.46,5.04,12.98,627,Y/E 2021,2021-12-31
141916.08,95422.04,43233.47,1192.95,135306.37,1417.29,3256.21,0.68,4.52,7.43,2.7,65,Y/E 2018,2018-12-31
141909.05,90114.09,48423.2,1192.95,128445.7,740.41,3815.88,0.8,4.57,8.33,3.24,65,Y/E 2019,2019-12-31
144574.67,88838.02,52185.26,1192.95,134111.99,-527.49,6246.09,1.26,6.29,12.42,4.85,65,Y/E 2020,2020-12-31
166604.04,104390.64,59319.07,1192.95,141858.21,1712.94,8013.0,1.66,6.9,14.37,5.83,65,Y/E 2021,2021-12-31
22687.39,6239.96,13696.27,855.67,5362.39,-20.7,1101.24,0.13,10.06,12.15,22.5,517,Y/E 2019,2019-03-31
17076.95,3999.29,12783.9,861.12,4249.76,179.02,1423.94,0.17,5.92,10.75,30.68,517,Y/E 2020,2020-03-31
20970.23,3906.98,16591.69,861.12,3243.85,338.43,979.77,0.11,5.85,6.67,27.95,517,Y/E 2021,2021-03-31
40848.3,10865.59,29133.39,861.12,4426.15,-194.02,-120.26,-0.01,-0.46,-0.53,-6.24,517,Y/E 2022,2022-03-31
78344.95,47330.85,27225.73,1433.43,9079.58,2542.62,2906.81,0.2,7.08,11.08,42.71,281,Y/E 2018,2018-12-31
82263.83,49163.25,29477.63,1470.91,11440.12,1945.69,3229.25,0.22,6.54,11.39,34.64,281,Y/E 2019,2019-12-31
82621.11,50453.94,28805.19,1494.68,8197.88,1208.76,2523.75,0.17,5.18,8.66,34.95,281,Y/E 2020,2020-12-31
82769.49,48739.72,30594.11,1494.68,11638.82,325.07,2590.07,0.17,5.68,8.72,24.68,281,Y/E 2021,2021-12-31
